@incollection{encdec,
title = {Sequence to Sequence Learning with Neural Networks},
author = {Sutskever, Ilya and Vinyals, Oriol and Le, Quoc V},
booktitle = {Advances in Neural Information Processing Systems 27},
editor = {Z. Ghahramani and M. Welling and C. Cortes and N. D. Lawrence and K. Q. Weinberger},
pages = {3104--3112},
year = {2014},
publisher = {Curran Associates, Inc.},
url = {http://papers.nips.cc/paper/5346-sequence-to-sequence-learning-with-neural-networks.pdf}
}

@article{adadelta,
  author    = {Matthew D. Zeiler},
  title     = {{ADADELTA:} An Adaptive Learning Rate Method},
  journal   = {CoRR},
  volume    = {abs/1212.5701},
  year      = {2012},
  url       = {http://arxiv.org/abs/1212.5701},
  timestamp = {Wed, 02 Jan 2013 09:49:04 +0100},
  biburl    = {http://dblp.uni-trier.de/rec/bib/journals/corr/abs-1212-5701},
  bibsource = {dblp computer science bibliography, http://dblp.org}
}

@article{cho_encdec,
  author    = {Kyunghyun Cho and
               Bart van Merrienboer and
               {\c{C}}aglar G{\"{u}}l{\c{c}}ehre and
               Fethi Bougares and
               Holger Schwenk and
               Yoshua Bengio},
  title     = {Learning Phrase Representations using {RNN} Encoder-Decoder for Statistical
               Machine Translation},
  journal   = {CoRR},
  volume    = {abs/1406.1078},
  year      = {2014},
  url       = {http://arxiv.org/abs/1406.1078},
  timestamp = {Wed, 02 Jul 2014 08:24:58 +0200},
  biburl    = {http://dblp.uni-trier.de/rec/bib/journals/corr/ChoMGBSB14},
  bibsource = {dblp computer science bibliography, http://dblp.org}
}